% This file was created with JabRef 2.6.
% Encoding: ISO8859_1

@BOOK{corben1994,
  title = {Classical Mechanics},
  publisher = {Dover Publications, Inc.},
  year = {1994},
  author = {H.C. Corben and Philip Stehle},
  address = {New York, New York},
  owner = {tsbischof},
  timestamp = {2010.08.29}
}

@BOOK{feynman2010,
  title = {Quantum Mechanics and Path Integrals},
  publisher = {Dover Publications, Inc.},
  year = {2010},
  editor = {Daniel F. Styer},
  author = {Richard P. Feynman and Albert R. Hibbs},
  owner = {tsbischof},
  timestamp = {2010.10.11}
}

@BOOK{goldstein2000,
  title = {Classical Mechanics},
  publisher = {Addison Wesley},
  year = {2000},
  author = {Herbert Goldstein and Charles P. Poole, Jr. and John L. Safko},
  edition = {3},
  owner = {tsbischof},
  timestamp = {2010.08.29}
}

@BOOK{taylor2005,
  title = {Classical Mechanics},
  publisher = {University Science Books},
  year = {2005},
  author = {John R. Taylor},
  address = {Sausalito, California},
  owner = {tsbischof},
  timestamp = {2010.08.29}
}

@ELECTRONIC{wolframrk4,
  author = {Weisstein, Eric K.},
  title = {Runge-Kutta Method},
  note = {From MathWorld},
  url = {http://mathworld.wolfram.com/Runge-KuttaMethod.html},
  owner = {tsbischof},
  timestamp = {2010.09.19}
}

@BOOK{sussman2001,
  title = {Structure and Interpretation of Classical Mechanics},
  publisher = {MIT Press},
  year = {2001}, 
  author = {Gerald Jay Sussman and Jack Wisdom},
  address = {Cambirdge, Massachusetts},
  owner = {tsbischof},
  timestamp = {2011.05.09}
}
